\begin{thebibliography}

@misc{pearson_correlation_coefficient,
  title = {The Normalized Cross Correlation Coefficient â€” xcdskd version v0.1-29-g8cf606c},
  url = {https://xcdskd.readthedocs.io/en/latest/cross_correlation/cross_correlation_coefficient.html},
  organization = {xcdskd.readthedocs.io}
}
\end{thebibliography}