\begin{thebibliography}

@book{collins_2018_softwaredefined,
  author = {Collins, Travis F},
  publisher = {Artech House},
  title = {Software-defined radio for engineers},
  year = {2018}
}

\end{thebibliography}