\begin{thebibliography}

@INPROCEEDINGS{9613183,
  author={Arsalan, Muhammad and Santra, Avik and Chmurski, Mateusz and El-Masry, Moamen and Mauro, Gianfranco and Issakov, Vadim},
  booktitle={2021 26th IEEE International Conference on Emerging Technologies and Factory Automation (ETFA )}, 
  title={Radar-Based Gesture Recognition System using Spiking Neural Network}, 
  year={2021},
  volume={},
  number={},
  pages={1-5},
  keywords={Frequency modulation;Neuromorphics;Neural networks;Prototypes;Gesture recognition;Radar imaging;Millimeter wave radar;Gesture sensing;spiking neural networks;60 GHz millimeter-wave radar},
  doi={10.1109/ETFA45728.2021.9613183}}


@article{Long2019AssistingTV,
  title={Assisting the visually impaired: multitarget warning through millimeter wave radar and RGB-depth sensors},
  author={Ningbo Long and Kaiwei Wang and Ruiqi Cheng and Kailun Yang and Weijian Hu and Jian Bai},
  journal={Journal of Electronic Imaging},
  year={2019},
  volume={28},
  pages={013028 - 013028},
  url={https://api.semanticscholar.org/CorpusID:81986627}}

@misc{charvat_2011_build,
  author = {Charvat, G. L. and Williams, J. H. and  Fenn, A. J. and  Kogon, S. and Herd., J. S.},
  title = {Build a small radar system capable of sensing range, doppler, and synthetic aperture radar imaging.},
  url = {https://ocw.mit.edu},
  year = {2011},
  organization = {Massachusetts Institute of Technology: MIT OpenCourseWare. License: Creative Commons BY-NC-SA.}
}

\end{thebibliography}