\begin{thebibliography}

@misc{analog_devices_libiio_error,
  title = {Need help on fixing Libiio Error. - Q\&A - Linux Software Drivers - EngineerZone},
  url = {https://ez.analog.com/linux-software-drivers/f/q-a/554049/need-help-on-fixing-libiio-error/},
  urldate = {2025-02-15},
  year = {2025},
  organization = {Analog.com}
}
 
\end{thebibliography}